@book{boyd2004convex,
	title={Convex optimization},
	author={Boyd, Stephen and Boyd, Stephen P and Vandenberghe, Lieven},
	year={2004},
	publisher={Cambridge university press}
}
@article{yin2008bregman,
	title={Bregman iterative algorithms for $\backslash$ell\_1-minimization with applications to compressed sensing},
	author={Yin, Wotao and Osher, Stanley and Goldfarb, Donald and Darbon, Jerome},
	journal={SIAM Journal on Imaging sciences},
	volume={1},
	number={1},
	pages={143--168},
	year={2008},
	publisher={SIAM}
}
@article{beck2009fast,
	title={A fast iterative shrinkage-thresholding algorithm for linear inverse problems},
	author={Beck, Amir and Teboulle, Marc},
	journal={SIAM journal on imaging sciences},
	volume={2},
	number={1},
	pages={183--202},
	year={2009},
	publisher={SIAM}
}
@inproceedings{hiriart1989moreau,
	title={Moreau's decomposition theorem revisited},
	author={Hiriart-Urruty, JB and Plazanet, Ph},
	booktitle={Annales de l'IHP Analyse non lin{\'e}aire},
	volume={6},
	pages={325--338},
	year={1989}
}
@book{glowinski1989augmented,
	title={Augmented Lagrangian and operator-splitting methods in nonlinear mechanics},
	author={Glowinski, Roland and Le Tallec, Patrick},
	year={1989},
	publisher={SIAM}
}
@article{yang2011alternating,
	title={Alternating direction algorithms for $\backslash$ell\_1-problems in compressive sensing},
	author={Yang, Junfeng and Zhang, Yin},
	journal={SIAM journal on scientific computing},
	volume={33},
	number={1},
	pages={250--278},
	year={2011},
	publisher={SIAM}
}
